@article{gregor2015draw,
  title   = {DRAW: A recurrent neural network for image generation},
  author  = {Gregor, Karol and Danihelka, Ivo and Graves, Alex and Rezende, Danilo Jimenez and Wierstra, Daan},
  journal = {arXivreprint arXiv:1502.04623},
  year    = {2015},
  url     = {https://arxiv.org/pdf/1502.04623.pdf}
}


@inproceedings{lee2020nc,
  title     = {Neural Complexity Measures},
  author    = {Yoonho Lee and Juho Lee and Sung Ju Hwang and Eunho Yang and Seungjin Choi},
  booktitle = {Advances in Neural Information Processing Systems (NeurIPS)},
  year      = {2020},
  url       = {https://arxiv.org/abs/2008.02953}
}

@inproceedings{finn2017model,
  title     = {Model-Agnostic Meta-Learning for Fast Adaptation of Deep Networks},
  author    = {Finn, Chelsea and Abbeel, Pieter and Levine, Sergey},
  booktitle = {International Conference on Machine Learning},
  year      = {2017},
  url       = {https://arxiv.org/abs/1703.03400}
}

@article{garnelo2018neural,
  title  = {Neural Processes},
  author = {Garnelo, Marta and Schwarz, Jonathan and Rosenbaum, Dan and Viola, Fabio and Rezende, Danilo J and Eslami, SM and Teh, Yee Whye},
  year   = {2018},
  url    = {https://arxiv.org/abs/1807.01622}
}