@inproceedings{lee2018mtnet,
  title     = {Gradient-based Meta-learning with Learned Layerwise Metric and Subspace},
  author    = {Yoonho Lee and Seungjin Choi},
  booktitle = {International Conference on Machine Learning (ICML)},
  year      = {2018}
}
@inproceedings{lee2019st,
  title     = {Set Transformer: A Framework for Attention-based Permutation-invariant Neural Networks},
  author    = {Juho Lee and Yoonho Lee and Jungtaek Kim and Adam Kosiorek and Seungjin Choi and Yee Whye Teh},
  booktitle = {International Conference on Machine Learning (ICML)},
  year      = {2019}
}
@inproceedings{kim2019daft,
  title     = {Learning Dynamics of Attention: Human Prior for Interpretable Machine Reasoning},
  author    = {Kim, Wonjae and Yoonho Lee},
  booktitle = {Advances in Neural Information Processing Systems (NeurIPS)},
  year      = {2019}
}
@inproceedings{lee2020bnp,
  title     = {Bootstrapping Neural Processes},
  author    = {Juho Lee* and Yoonho Lee* and Jungtaek Kim and Eunho Yang and Sung Ju Hwang and Yee Whye Teh},
  booktitle = {Advances in Neural Information Processing Systems (NeurIPS)},
  year      = {2020}
}
@inproceedings{lee2020nc,
  title     = {Neural Complexity Measures},
  author    = {Yoonho Lee and Juho Lee and Sung Ju Hwang and Eunho Yang and Seungjin Choi},
  booktitle = {Advances in Neural Information Processing Systems (NeurIPS)},
  year      = {2020}
}
@article{lee2019dac,
  title     = {Deep Amortized Clustering},
  author    = {Juho Lee and Yoonho Lee and Yee Whye Teh},
  booktitle = {Sets and Parts Workshop @ NeurIPS},
  year      = {2019}
}
@article{lee2019dimco,
  title         = {Discrete Infomax Codes for Supervised Representation Learning},
  author        = {Yoonho Lee and Wonjae Kim and Wonpyo Park and Seungjin Choi},
  year          = {2019},
  archiveprefix = {arXiv},
  primaryclass  = {stat.ML},
  eprint        = {1905.11656}
}
@article{pakman2020acp,
  title         = {Attentive Clustering Process},
  author        = {Ari Pakman and Yueqi Wang and Yoonho Lee and Pallab Basu and Juho Lee and Yee Whye Teh and Liam Paninski},
  year          = {2020},
  archiveprefix = {arXiv},
  primaryclass  = {stat.ML},
  eprint        = {2010.15727}
}