% Encoding: UTF-8

@article{kim2019learning,
  title={Learning Dynamics of Attention: Human Prior for Interpretable Machine Reasoning},
  author={Kim, Wonjae and Lee, Yoonho},
  journal={NeurIPS 2019},
  year={2019},
  month = {6},
  paper={https://arxiv.org/abs/1905.11666},
  code={https://github.com/kakao/DAFT}
}

@article{lee2019discrete,
  title={Discrete Infomax Codes for Meta-Learning},
  author={Lee, Yoonho and Kim, Wonjae and Choi, Seungjin},
  journal={arXiv:1905.11656},
  year={2019},
  month = {10},
  paper={https://arxiv.org/abs/1905.11656},
}

@Article{lee2018gradient,
  author  = {Lee, Yoonho and Choi, Seungjin},
  title   = {Gradient-based meta-learning with learned layerwise metric and subspace},
  journal = {ICML 2018},
  year    = {2018},
  paper={http://proceedings.mlr.press/v80/lee18a/lee18a.pdf},
  code={https://github.com/yoonholee/MT-net}
}

@Article{pmlr-v97-lee19d,
  author    = {Lee, Juho and Lee, Yoonho and Kim, Jungtaek and Kosiorek, Adam and Choi, Seungjin and Teh, Yee Whye},
  title     = {Set Transformer: A Framework for Attention-based Permutation-Invariant Neural Networks},
  journal = {ICML 2019},
  year      = {2019},
  month = {2},
  paper = {http://proceedings.mlr.press/v97/lee19d/lee19d.pdf},
  code={https://github.com/juho-lee/set_transformer}
}

@Article{lee2019deep,
  author        = {Juho Lee and Yoonho Lee and Yee Whye Teh},
  title         = {Deep Amortized Clustering},
  year          = {2019},
  month = {9},
  journal = {Sets and Parts Workshop @ NeurIPS 2019 (oral)},
  paper={https://arxiv.org/abs/1909.13433}
}

@Comment{jabref-meta: databaseType:bibtex;}
